<?xml version="1.0" encoding="UTF-8"?><collection xmlns="http://www.loc.gov/MARC21/slim"><record><leader>00537nam--2200193-i-4500</leader><controlfield tag="001">000024553</controlfield><controlfield tag="002">20161230</controlfield><controlfield tag="005">20161230201035</controlfield><controlfield tag="008">060222s1000------------r-----000-0-rum-d</controlfield><datafield ind1=" " ind2=" " tag="040"><subfield code="a">IFIN-HH</subfield></datafield><datafield ind1=" " ind2=" " tag="041"><subfield code="a">rum</subfield></datafield><datafield ind1=" " ind2=" " tag="080"><subfield code="a">621.375.826</subfield></datafield><datafield ind1="1" ind2=" " tag="100"><subfield code="a">Ursu, I</subfield></datafield><datafield ind1="1" ind2="0" tag="245"><subfield code="a">Interactiunea radiatiei laser cu metalele</subfield><subfield code="c">I. ursu, i.n. mihailescu, a.m. prokhorov, v.i. konov</subfield></datafield><datafield ind1=" " ind2=" " tag="260"><subfield code="a">Bucuresti</subfield><subfield code="b">Editura Academiei Rsr</subfield><subfield code="c">1986</subfield></datafield><datafield ind1=" " ind2=" " tag="300"><subfield code="a">XVI + 686P</subfield></datafield><datafield ind1="1" ind2=" " tag="700"><subfield code="a">Konov, V.I</subfield></datafield><datafield ind1=" " ind2=" " tag="852"><subfield code="a">73308</subfield><subfield code="c">621.375.9</subfield></datafield><datafield ind1=" " ind2=" " tag="CAT"><subfield code="a">Sys</subfield><subfield code="c">20121123</subfield><subfield code="h">103403</subfield></datafield></record></collection>